<collection xmlns="http://www.loc.gov/MARC21/slim">
<record>
  <leader>02063nam0a2200325 i 450 </leader>
  <controlfield tag="001">IT\ICCU\CNCE\018879</controlfield>
  <controlfield tag="005">20071016000000.0</controlfield>
  <datafield tag="012" ind1=" " ind2=" ">
    <subfield code="a">isa- e.io t.r- &amp;qes (3) 1588 (R)</subfield>
    <subfield code="2">fei</subfield>
  </datafield>
  <datafield tag="100" ind1=" " ind2=" ">
    <subfield code="a">19970101d1588        0itac0103    ba</subfield>
  </datafield>
  <datafield tag="101" ind1=" " ind2=" ">
    <subfield code="a">LAT</subfield>
  </datafield>
  <datafield tag="102" ind1=" " ind2=" ">
    <subfield code="a">IT</subfield>
  </datafield>
  <datafield tag="200" ind1="1" ind2=" ">
    <subfield code="a">Ad legem municipalem Vicentinam, De attractu, et de seruitutibus praedialibus, quaestionum centuria, et decuria. Opus quidem proficuum, atque iudicibus, causarumque patronis apprime vtile, ac necessarium, in quo frequens materia attractus, quae vulgo ingrossatio dicitur, cum pluribus affinibus quaestionibus  late discutitur. Nunc primum in lucem editum. Cum summarijs, et indice capitum singularum quaestionum. Io. Iacobo a&apos; Ferro iuriscons. Vicentino authore</subfield>
  </datafield>
  <datafield tag="210" ind1=" " ind2=" ">
    <subfield code="a">Vicentiae</subfield>
    <subfield code="c">ex typis Augustini a Nuce</subfield>
    <subfield code="d">1588</subfield>
  </datafield>
  <datafield tag="215" ind1=" " ind2=" ">
    <subfield code="a">\40!, 299 \i.e. 307!, \5! p.</subfield>
    <subfield code="d">4ʻ</subfield>
  </datafield>
  <datafield tag="620" ind1=" " ind2=" ">
    <subfield code="a">IT</subfield>
    <subfield code="d">Vicenza</subfield>
  </datafield>
  <datafield tag="700" ind1=" " ind2="1">
    <subfield code="a">Ferro,</subfield>
    <subfield code="b">Giovanni Iacopo</subfield>
    <subfield code="3">IT\ICCU\CNCA\005353</subfield>
  </datafield>
  <datafield tag="712" ind1="0" ind2="0">
    <subfield code="a">Dalla_Noce, Agostino</subfield>
    <subfield code="3">IT\ICCU\CNCT\000879</subfield>
    <subfield code="4">650</subfield>
  </datafield>
  <datafield tag="791" ind1="0" ind2="0">
    <subfield code="a">Noce, Agostino dalla</subfield>
    <subfield code="3">IT\ICCU\CNCT\003196</subfield>
    <subfield code="z">Dalla_Noce, Agostino</subfield>
  </datafield>
  <datafield tag="791" ind1="0" ind2="0">
    <subfield code="a">Nuce, Augustinus a</subfield>
    <subfield code="3">IT\ICCU\CNCT\003702</subfield>
    <subfield code="z">Dalla_Noce, Agostino</subfield>
  </datafield>
  <datafield tag="801" ind1=" " ind2="3">
    <subfield code="a">IT</subfield>
    <subfield code="b">ICCU</subfield>
    <subfield code="c">20201114</subfield>
  </datafield>
  <datafield tag="899" ind1=" " ind2=" ">
    <subfield code="a">Biblioteca universitaria. Padova</subfield>
    <subfield code="1">PD0158</subfield>
    <subfield code="2">PUV 00</subfield>
  </datafield>
  <datafield tag="899" ind1=" " ind2=" ">
    <subfield code="a">Biblioteca del Senato della Repubblica Giovanni Spadolini. Roma</subfield>
    <subfield code="1">RM0427</subfield>
    <subfield code="2">ZRM 12</subfield>
  </datafield>
  <datafield tag="899" ind1=" " ind2=" ">
    <subfield code="a">Biblioteca generale dell&apos;Universit ̉degli studi di Trieste. Trieste</subfield>
    <subfield code="1">TS0137</subfield>
    <subfield code="2">TSA BG</subfield>
  </datafield>
  <datafield tag="899" ind1=" " ind2=" ">
    <subfield code="a">Biblioteca comunale. Treviso</subfield>
    <subfield code="1">TV0114</subfield>
    <subfield code="2">VIA CT</subfield>
  </datafield>
  <datafield tag="899" ind1=" " ind2=" ">
    <subfield code="a">Biblioteca nazionale Marciana. Venezia</subfield>
    <subfield code="1">VE0049</subfield>
    <subfield code="2">VEA BM</subfield>
  </datafield>
  <datafield tag="899" ind1=" " ind2=" ">
    <subfield code="a">Biblioteca civica Bertoliana. Vicenza</subfield>
    <subfield code="1">VI0096</subfield>
    <subfield code="2">VIA BE</subfield>
  </datafield>
  <datafield tag="899" ind1=" " ind2=" ">
    <subfield code="a">Biblioteca del Seminario vescovile. Vicenza</subfield>
    <subfield code="1">VI0101</subfield>
    <subfield code="2">PBE D1</subfield>
  </datafield>
  <datafield tag="899" ind1=" " ind2=" ">
    <subfield code="a">Biblioteca civica. Verona</subfield>
    <subfield code="1">VR0059</subfield>
    <subfield code="2">ZVR 02</subfield>
  </datafield>
  <datafield tag="911" ind1=" " ind2=" ">
    <subfield code="a">Sul front.</subfield>
    <subfield code="9">IT\ICCU\CNCM\001632</subfield>
  </datafield>
  <datafield tag="921" ind1=" " ind2=" ">
    <subfield code="a">IT\ICCU\CNCM\001632</subfield>
    <subfield code="b">Verit ̉(donna seminuda in piedi con un fiore nella destra). In cornice figurata</subfield>
    <subfield code="e">Fructus veritatis</subfield>
    <subfield code="c">U516</subfield>
    <subfield code="d">Dimensioni: 3,1 x 3,1; si trova anche senza motto e riquadrata da fregi tipografici</subfield>
    <subfield code="f">VERITA&apos;</subfield>
    <subfield code="f">DONNA</subfield>
    <subfield code="g">1586-1597</subfield>
  </datafield>
</record>
</collection>
